<?xml version="1.0" encoding="UTF-8"?><collection xmlns="http://www.loc.gov/MARC21/slim"><record><leader>00522nam--2200181-i-4500</leader><controlfield tag="001">000011330</controlfield><controlfield tag="002">20161230</controlfield><controlfield tag="005">20161230201029</controlfield><controlfield tag="008">060222s1000------------r-----000-0-eng-d</controlfield><datafield ind1=" " ind2=" " tag="040"><subfield code="a">IFIN-HH</subfield></datafield><datafield ind1=" " ind2=" " tag="080"><subfield code="a">539.1.07:621.317.79</subfield></datafield><datafield ind1="1" ind2=" " tag="100"><subfield code="a">Arams, Frank R</subfield></datafield><datafield ind1="1" ind2="0" tag="245"><subfield code="a">Infrared - to - millimeter wavelength detectors</subfield><subfield code="c">Frank r. arams</subfield></datafield><datafield ind1=" " ind2=" " tag="260"><subfield code="a">Dedham, Massachusetts</subfield><subfield code="b">Artech House, Inc</subfield><subfield code="c">1973</subfield></datafield><datafield ind1=" " ind2=" " tag="300"><subfield code="a">360 P</subfield></datafield><datafield ind1=" " ind2=" " tag="490"><subfield code="a">Modern Frontiers In Applied Science</subfield></datafield><datafield ind1=" " ind2=" " tag="852"><subfield code="a">42023</subfield><subfield code="c">535</subfield></datafield><datafield ind1=" " ind2=" " tag="CAT"><subfield code="a">Sys</subfield><subfield code="c">20101104</subfield><subfield code="h">121722</subfield></datafield></record></collection>